%% LaTeX2e file `ref1.bib'
%% generated by the `filecontents' environment
%% from source `refs' on 2019/01/30.
%%
 
%%%%% not published! 
 
 
%%%%% ARTICLES
	
	% R Language %
	@Manual{r,
    title = {R: A Language and Environment for Statistical Computing},
    author = {{R Core Team}},
    organization = {R Foundation for Statistical Computing},
    address = {Vienna, Austria},
    year = {2020},
    url = {https://www.R-project.org/},
  }
	
		
	
	% introduction of bootstrap
	@article{boot1,
		author	= {Efron, Bradley},
		title	= {Bootstrap Methods: Another Look at the Jackknife},
		year	= {1979},
		journal	= {The Annals of Statistics},
		volume	= {7},
		pages	= {1 - 26}
	}
	
	% Nonparametric bootstrap instead of WALD or ANOVA, useful for small sample sizes
	@article{boot2,
		author	= {Friedrich, Sarah and Konietschke, Frank and Pauly, Markus},
		title	= {A wild bootstrap approach for nonparametric repeated measurements},
		year	= {2017},
		journal	= {Computational Statistics \& Data Analysis},
		volume	= {113},
		pages	= {38 - 52}
	}
	
	% general factorial measure designs without normality or homogeneity -> use multiple contrast tests using wild bootstrap asymptotically correct
	@article{boot3,
		author	= {Umlauft, Maria and Placzek, Marius and Konietschke, Frank and Pauly, Markus},
		title	= {Wild bootstrapping rank-based procedures: Multiple testing in nonparametric factorial repeated measures designs},
		year	= {2019},
		journal	= {Journal of Multivariate Analysis},
		volume	= {171},
		pages	= {176 - 192}
	}
	
	% asymptotically valid permutation and bootstrap methods for matched paired samples even if distributions differ under the null with no treatment effect
	@article{boot4,
		author	= {Konietschke, Frank and Pauly, Markus},
		title	= {Bootstrapping and permuting paired t-test type statistics},
		year	= {2014},
		journal	= {Statistics and Computing},
		volume	= {24},
		pages	= {283 - 296}
	}	
	
	% parametric bootstrap for multivariate factorial designs does not need normality or equal covariance matrices
	@article{boot5,
		author	= {Bathke, Arne and Friedrich, Sarah and Pauly, Markus and Konietschke, Frank and Staffen, Wolfgang and Strobl, Nicolas and Höller, Yvonne},
		title	= {Testing Mean Differences among Groups: Multivariate and Repeated Measures Analysis with Minimal Assumptions},
		year	= {2018},
		journal	= {Multivariate Behavioral Research},
		volume	= {53},
		pages	= {384 - 359}
	}
	
	% Wild bootstrap introduction
	@article{wboot1,
		author  = {Wu, C. F. J.},
		journal = {Annals of Statistics},
		pages   = {1261--1295},
		title   = {Jackknife, Bootstrap and Other Resampling Methods in Regression Analysis},
		volume  = {14},
		year    = {1986}
	}	
	
	% Wild bootstrap for reggression coefficient is consistent under mild moment conditions
	@article{boot6,
		author	= {Zuzana Prášková},
		title	= {Bootstrap in Nonstationary Autoregression},
		year	= {2002},
		journal	= {Kybernetika},
		volume	= {38},
		pages	= {389 - 404}
	}
	@article{wboot2,
		author  = {Davidson, Russel and Flachaire, Emmanuel},
		journal = {Journal of Econometrics},
		pages   = {162 - 169},
		title   = {The wild bootstrap, tamed at last},
		volume  = {146},
		year    = {2008}
	}
 	
 	% Bootstrap for stationary timeseries
 	@article{boot7,
 		author	= {Politis, Dimitris N. and Romano, Joseph P.},
 		title	= {Large sample confidence regions based on Subsamples under minimal assumptions},
 		year	= {1994},
 		journal	= {The Annals of Statistics},
 		volume	= {22},
 		pages	= {2031 - 2050}
 	}
 	
 	% Wild bootstrap for heteroscedastic/ non identical RV better
 	@article{boot8,
 		author  = {Mammen, Enno},
 		title	= {Bootstrap, wild bootstrap and asymptotic normality},
 		year	= {1992},
 		journal = {Probability Theory and Related Fields},
 		volume  = {93},
 		pages   = {439 - 455}
 	}
 	
 	% Bootstrap Estimate is asymptotic minimax for a normal statistic
 	@article{boot8,
 		author	= {Beran, Rudolf},
 		title	= {Estimated Sampling Distributions: The Bootstrap and Competitors},
 		year	= {1982},
 		journal = {The Annals of Statistics},
 		volume  = {10},
 		pages	= {212 - 225}
 	}
 	
%%%%% BOOKS
	@book{t,
		author 	 = {Helge Toutenburg and Christian Heumann},
		title	 = {Induktive Statistik - Eine Einführung mit R und SPSS},
		year	 = {2008}
	}
	
	% chapter 13 resampling methods
	@book{prob1,
		author	= {Kerns, G. Jay},
		title	= {Introduction to Probability and Statistics Using R},
		year	= {2010}
	}
	
	% chapter 8 bootstrap, bagging, bayesian and MaxLik relation
	@book{stat1,
		author	= {Hastie, Trevor and Tibshirani, Robert and Friedman, Jerome},
		title	= {The Elements of Statistical Learning},
		year	= {2008}
	}
	
	@book{regression,
		author  = {Fox, John and Weisberg, Sanford},
		title   = {An R Companion to Applied Regression},
		year    = {2018}
	}
	

%%%%%% APPLICATIONS %%%%%%%
	% parametric bootstrap for weights in CVaR Estimation
	@unpublished{erin,
    	author  = {Petukhina, Alla and Sprünken, Erin},
	    title   = {Evaluation of Multi-Asset Investment Strategies with Digital Assets},
	    year    = {2020},
    	note	= {Available at SSRN: \url{https://ssrn.com/abstract=3664219}}
	 }
	
	% bootstrap testing see politis and romano (1994)
	@unpublished{alla,
		author	= {Petukhina, Alla and Trimborn, Simon and Härdle, Wolfgang K. and Elendner, Hermann},
		title	= {Investing with Cryptocurrencies - evaluating their potential for portfolio allocation strategies},
		year	= {2018},
		note	= {Available at SSRN: \url{https://ssrn.com/abstract=3274193}}
	}
	
	% Original Random Forest
	@article{rf1,
 		author	= {Ho, Tin Kam},
 		title	= {Random decision forests},
 		year	= {1995},
 		journal	= {Proceedings of 3rd International Conference on Document Analysis and Recognition},
 		volume	= {1},
 		pages	= {278 - 282}
 	}
 	
 	% Bagging
 	@article{rf2,
 		author	= {Breiman, Leo},
 		title	= {Bagging Predictors},
 		year	= {1996},
 		journal	= {Machine Learning},
 		volume	= {24},
 		pages	= {123 - 140}
 	}
 	
 	% Modern Random Forest
 	@article{rf3,
 		author	= {Breiman, Leo},
 		title	= {Random Forests},
 		year	= {2001},
 		journal	= {Machine Learning},
 		volume	= {45},
 		pages	= {5 - 32}
 	}